@misc{Misc01,
  howpublished = "{\url{https://bugzilla.mozilla.org/show_bug.cgi?id=1133247}}"
 }

@misc{Jesse07,
  author = "Jesse Rudersman",
  title = "Introducing   jsfunfuzz",
  year = {2007},
  howpublished = "\url{http://www.squarefree.com/2007/08/02/introducing-jsfunfuzz}"
 }

@misc{Arya12,
  author = "Abhishek Arya and Cris Neckar",
  title = "Fuzzing for security",
  month = {April},
  year = {2012},
  howpublished = "\url{http://blog.chromium.org/2012/04/fuzzing-for-security.html}"
 }
 
@misc{DeltaTool,
  author = "S. McPeak and D. S. Wilkerson",
  title = "The delta tool",
  year={},
  howpublished = "\url{http://delta.tigris.org}"
 } 
 
@misc{Zelaski08,
  author = "Zalewski",
  title = "Announcing ref\_fuzz a 2 year old fuzzer",
  year = {2010},
  howpublished = "\url{http://lcamtuf.blogspot.in/2010/06/announcing-reffuzz-2yo-fuzzer.html}"
 }
 
@misc{Zelaski11,
  author = "Zalewski",
  title = "Announcing cross\_fuzz a potential 0-day in circulation and more",
  year = {2011},
  howpublished = "\url{http://lcamtuf.blogspot.in/2011/01/announcing-crossfuzz-potential-0-day-in.html}"
 }

@INPROCEEDINGS{Holler11,
	AUTHOR = "Christian Holler and Kim Herzig and Andreas Zeller",
	TITLE = "Fuzzing with code fragments",
	BOOKTITLE = "Proceedings of the 21th {USENIX} Security Symposium",
	PAGES = {445-458},
	MONTH = "August", 
	YEAR = {2012},	}

@INPROCEEDINGS{Ryan98,
	AUTHOR = "Conor Ryan and J. J. Collins and Michael O'Neill",
	TITLE = "Grammatical Evolution: Evolving Programs for an Arbitrary Language",
	BOOKTITLE = "Genetic Programming, First European Workshop, EuroGP",
	PAGES = {83-96},
	MONTH = "April", 
	YEAR = {1998},	}


@INPROCEEDINGS{Ryan00,
	AUTHOR = "Michael O'Neill and Conor Ryan",
	TITLE = "Grammar based function definition in Grammatical Evolution",
	BOOKTITLE = "Proceedings of the Genetic and Evolutionary Computation Conference {GECCO}",
	PAGES = {485-490},
	MONTH = "July", 
	YEAR = {2000},	}


@INPROCEEDINGS{Sekar09,
	AUTHOR = "R. Sekar",
	TITLE = "An Efficient Blackbox Technique for Defeating Web Application Attacks",
	BOOKTITLE = "Proceedings of the Network and Distributed System Security Symposium",
	MONTH = "February", 
	YEAR = {2009},	}

@ARTICLE{Ryan01,
	AUTHOR = "Michael O'Neill and Conor Ryan",
	TITLE = "Grammatical evolution",
	JOURNAL = {{IEEE} Trans. Evolutionary Computation},

     VOLUME = {5},

     NUMBER = {4},

     PAGES = {349-358},

     MONTH = {August},

     YEAR = {2001}   }
     
@ARTICLE{Neill_10,
	AUTHOR = "Robert I. McKay and Nguyen Xuan Hoai and Peter Alexander Whigham and Yin Shan and Michael O'Neill",
	TITLE = "Grammar-based Genetic Programming: a survey",
	JOURNAL = {Genetic Programming and Evolvable Machines},

     VOLUME = {11},

     NUMBER = {3-4},

     PAGES = {365-396},

     MONTH = {May},

     YEAR = {2010}   }
     
@ARTICLE{Ryan03,
	AUTHOR = "Michael O'Neill and Conor Ryan",
	TITLE = "Crossover in Grammatical Evolution",
	JOURNAL = { Genetic Programming and Evolvable Machines},

     VOLUME = {4},

     NUMBER = {1},

     PAGES = {67-93},

     MONTH = {March},

     YEAR = {2003}   }
     
@ARTICLE{Miller89,
	AUTHOR = "Barton P. Miller and Lars Fredriksen and Bryan So",
	TITLE = "An Empirical Study of the Reliability of {UNIX} Utilities",
	JOURNAL = {Communications of the {ACM}},

     VOLUME = {33},

     NUMBER = {12},

     PAGES = {32-44},

     MONTH = {December},

     YEAR = {1990}   }
     
     @ARTICLE{SouleF98,
  AUTHOR    = "Terence Soule and
               James A. Foster",
  TITLE     = "Effects of Code Growth and Parsimony Pressure on Populations in GeneticProgramming",
  JOURNAL   = {Evolutionary Computation},
  VOLUME    = {6},
  NUMBER    = {4},
  PAGES     = {293-309},
  MONTH       = {December},
  YEAR      = {1998}
  
}
@article{Luke06,
 author = "Luke, Sean and Panait, Liviu",
 title = "A Comparison of Bloat Control Methods for Genetic Programming",
 journal = {Evolutionary Computation},
 volume = {14},
 number = {3},
  pages = {309-344},
 month = {September},
 year = {2006}
  
} 
@INPROCEEDINGS{Soule96,
	AUTHOR = "Terence Soule and James A. Foster and Dickinson",
	TITLE = "Code growth in genetic programming",
	BOOKTITLE = "Genetic Programming 1996:Proceedings of the First Annual Conference",
	pages = {215-223},
	MONTH = {May}, 
	YEAR = {1996},	}
	
	@inproceedings{LangdonP98,
  author    = {William B. Langdon and Riccardo Poli},
  title     = {Fitness Causes Bloat: Mutation},
  booktitle = {Proceedings ofGenetic Programming, First European Workshop, EuroGP'98},
  pages     = {37-48},
  year      = {1998},

}
@book{PoliLM2008,
  author    = {Riccardo Poli and
               William B. Langdon and
               Nicholas Freitag McPhee},
  title     = {A Field Guide to Genetic Programming},
  publisher = {lulu.com},
  year      = {2008},
  url       = {http://www.gp-field-guide.org.uk/},
  isbn      = {978-1-4092-0073-4}, 
}
		
@INPROCEEDINGS{Kaksonen,
	AUTHOR = "Rauli Kaksonen and M. Laakso and A. Takanen",
	TITLE = "System Security Assessment through Specification Mutations and Fault Injection",
	BOOKTITLE = "Proceedings of the International Conference on Communications and Multimedia Security Issues",
	MONTH = "May", 
	YEAR = {2001},	}
	
@INPROCEEDINGS{Byrne10,
	AUTHOR = "Jonathan Byrne and Michael O'Neill and James McDermott and Anthony Brabazon",
	TITLE = "{An Analysis of the Behaviour of Mutation in Grammatical Evolution}",
	BOOKTITLE = "Proceedings of Genetic Programming, 13th European Conference, EuroGP",
	PAGES =	{14-25},
	MONTH = "April", 
	YEAR = {2010},	}
	
@INPROCEEDINGS{Yang,
	AUTHOR = "Xuejun Yang and Yang Chen and Eric Eide and John Regehr",
	TITLE = "Finding and understanding bugs in {C} compilers",
	BOOKTITLE = "Proceedings of the 32nd {ACM} {SIGPLAN} Conference on Programming
               Language Design and Implementation,",
	MONTH = "June", 
	pages     = {283-294},
	YEAR = {2011},	}
	
@book{EcmaScript,
  author = {{ECMA International}},
  edition = {5.1},
  publisher = {Ecma International},
  month = {June},
  title = {Standard ECMA-262 - ECMAScript Language Specification},
  url = {http://www.ecma-international.org/publications/standards/Ecma-262.htm},
  year = 2011
}
@book{EcmaScript2,
  edition = {Draft},
  title = {ECMAScript 2015 - ECMAScript Language Specification},
  url = {http://people.mozilla.org/~jorendorff/es6-draft.html},
  month = {April},
  year = 2015
}
@misc{Misc02,
  howpublished = "{\url{}}"
 }
@book{Parr13,
 author = {Parr, Terence},
 title = {The Definitive ANTLR 4 Reference},
 year = {2013},
 isbn = {1934356999, 9781934356999},
 edition = {2nd},
 publisher = {Pragmatic Bookshelf},
}

@article{ZellerH02,
  author    = {Andreas Zeller and  Ralf Hildebrandt},
  title     = {Simplifying and Isolating Failure-Inducing Input},
  journal   = {{IEEE} Trans. Software Eng.},
  volume    = {28},
  number    = {2},
  pages     = {183-200},
  year      = {2002},
  
}
	
@inproceedings{Fagan10,
  author    = {David Fagan and
               Michael O'Neill and
               Edgar Galv{\'{a}}n L{\'{o}}pez and
               Anthony Brabazon and
               Se{\'{a}}n McGarraghy},
  title     = {An Analysis of Genotype-Phenotype Maps in Grammatical Evolution},
  booktitle = {Proceedings of Genetic Programming, 13th European Conference, EuroGP 2010},
  pages     = {62-73},
  year      = {2010}
}	


@article{Hugosson10,
  author    = {Jonatan Hugosson and
               Erik Hemberg and
               Anthony Brabazon and
               Michael O'Neill},
  title     = {Genotype representations in grammatical evolution},
  journal   = {Applied Soft Computing},
  volume    = {10},
  number    = {1},
  pages     = {36-43},
  year      = {2010}
 
}

@article{demott2007,
  title={Revolutionizing the field of grey-box attack surface testing with evolutionary fuzzing},
  author={DeMott and Jared and Enbody and Richard and Punch and William F}
}

@inproceedings{Duchene:2014,
 author = {Duchene, Fabien and Rawat, Sanjay and Richier, Jean-Luc and Groz, Roland},
 title = {KameleonFuzz: Evolutionary Fuzzing for Black-box XSS Detection},
 booktitle = {Proceedings of the 4th ACM Conference on Data and Application Security and Privacy},
 series = {CODASPY '14},
 year = {2014},
 location = {San Antonio, Texas, USA},
 pages = {37--48},
 numpages = {12},
 publisher = {ACM},
 address = {New York, NY, USA},
 } 

@inproceedings{Rawat:2010,
 author = {Rawat, Sanjay and Mounier, Laurent},
 title = {An Evolutionary Computing Approach for Hunting Buffer Overflow Vulnerabilities: A Case of Aiming in Dim Light},
 booktitle = {Proceedings of the 2010 European Conference on Computer Network Defense},
 series = {EC2ND '10},
 year = {2010},
 isbn = {978-0-7695-4311-6},
 pages = {37--45},
 numpages = {9},
 publisher = {IEEE Computer Society},
 address = {Washington, DC, USA},
 } 
